<record><leader>00000cas a2200000 i 4500</leader><controlfield tag="001">15719722</controlfield><controlfield tag="008">870521d18831885inuwr ne      0    0eng c</controlfield><datafield ind1=" " ind2=" " tag="010"><subfield code="a">sn 87056005 </subfield></datafield><datafield ind1=" " ind2=" " tag="040"><subfield code="a">NPI</subfield><subfield code="b">eng</subfield><subfield code="e">rda</subfield><subfield code="c">NPI</subfield><subfield code="d">OCLCQ</subfield><subfield code="d">IUL</subfield><subfield code="d">OCLCF</subfield></datafield><datafield ind1=" " ind2=" " tag="042"><subfield code="a">pcc</subfield></datafield><datafield ind1=" " ind2=" " tag="043"><subfield code="a">n-us-in</subfield></datafield><datafield ind1="0" ind2="0" tag="245"><subfield code="a">Elkhart Democratic sentinel.</subfield></datafield><datafield ind1=" " ind2="1" tag="264"><subfield code="a">Elkhart, Elkhart County, Indiana :</subfield><subfield code="b">W.H. Norton,</subfield><subfield code="c">1883-1885.</subfield></datafield><datafield ind1=" " ind2=" " tag="300"><subfield code="a">2 volumes</subfield></datafield><datafield ind1=" " ind2=" " tag="310"><subfield code="a">Weekly</subfield></datafield><datafield ind1=" " ind2=" " tag="336"><subfield code="a">text</subfield><subfield code="b">txt</subfield><subfield code="2">rdacontent</subfield></datafield><datafield ind1=" " ind2=" " tag="337"><subfield code="a">unmediated</subfield><subfield code="b">n</subfield><subfield code="2">rdamedia</subfield></datafield><datafield ind1=" " ind2=" " tag="338"><subfield code="a">volume</subfield><subfield code="b">nc</subfield><subfield code="2">rdacarrier</subfield></datafield><datafield ind1="0" ind2=" " tag="362"><subfield code="a">Volume XVII, number 38 (September 21, 1883)-volume XIX, number 50 (December 11, 1885) = new series, vol. I, no. 4-vol. III, no. 17.</subfield></datafield><datafield ind1=" " ind2=" " tag="500"><subfield code="a">Title from masthead.</subfield></datafield><datafield ind1=" " ind2=" " tag="580"><subfield code="a">Also published in a daily ed. called: The Elkhart daily sentinel.</subfield></datafield><datafield ind1=" " ind2="0" tag="651"><subfield code="a">Elkhart (Ind.)</subfield><subfield code="v">Newspapers.</subfield></datafield><datafield ind1=" " ind2="0" tag="651"><subfield code="a">Elkhart County (Ind.)</subfield><subfield code="v">Newspapers.</subfield></datafield><datafield ind1=" " ind2="7" tag="651"><subfield code="a">Indiana</subfield><subfield code="z">Elkhart.</subfield><subfield code="2">fast</subfield><subfield code="0">(OCoLC)fst01207151</subfield></datafield><datafield ind1=" " ind2="7" tag="651"><subfield code="a">Indiana</subfield><subfield code="z">Elkhart County.</subfield><subfield code="2">fast</subfield><subfield code="0">(OCoLC)fst01205779</subfield></datafield><datafield ind1=" " ind2="7" tag="655"><subfield code="a">Newspapers.</subfield><subfield code="2">fast</subfield><subfield code="0">(OCoLC)fst01423814</subfield></datafield><datafield ind1=" " ind2=" " tag="752"><subfield code="a">United States</subfield><subfield code="b">Indiana</subfield><subfield code="c">Elkhart</subfield><subfield code="d">Elkhart.</subfield></datafield><datafield ind1="1" ind2=" " tag="775"><subfield code="t">Elkhart daily sentinel</subfield><subfield code="w">(DLC)sn 87055950</subfield><subfield code="w">(OCoLC)15730603</subfield></datafield><datafield ind1="0" ind2="0" tag="780"><subfield code="t">Elkhart weekly sentinel</subfield><subfield code="w">(DLC)sn 87056006</subfield><subfield code="w">(OCoLC)15719223</subfield></datafield><datafield ind1="0" ind2="0" tag="785"><subfield code="t">Elkhart sentinel</subfield><subfield code="w">(DLC)sn 87055949</subfield><subfield code="w">(OCoLC)15719573</subfield></datafield><datafield ind1="4" ind2="1" tag="856"><subfield code="u">https://access.newspaperarchive.com/us/indiana/elkhart/elkhart-weekly-sentinel/</subfield></datafield></record>